@inproceedings{membarth2012msv,
    author          = {Membarth, Richard and Hannig, Frank and Teich, J{\"u}rgen and K{\"o}rner, Mario and Eckert, Wieland},
    address         = {Rhodes Island, Greece},
    booktitle       = {{Proceedings of the 10th International Workshop on Algorithms, Models and Tools for Parallel Computing on Heterogeneous Platforms (HeteroPar)}},
    title           = {{Mastering Software Variant Explosion for GPU Accelerators}},
    year            = 2012,
    month           = aug,
    date            = {2012-08-27},
    @organization    = {Springer}
}

@inproceedings{membarth2012aoi,
    author          = {Membarth, Richard and Hannig, Frank and Teich, J{\"u}rgen and K{\"o}rner, Mario and Eckert, Wieland},
    address         = {Munich, Germany},
    booktitle       = {{Proceedings of the 11th International Symposium on Parallel and Distributed Computing (ISPDC)}},
    title           = {{Automatic Optimization of In-Flight Memory Transactions for GPU Accelerators based on a Domain-Specific Language for Medical Imaging}},
    year            = 2012,
    month           = jun,
    date            = {2012-06-25/2012-06-29},
    @organization    = {IEEE},
}

@inproceedings{membarth2012gdg,
    author          = {Membarth, Richard and Hannig, Frank and Teich, J{\"u}rgen and K{\"o}rner, Mario and Eckert, Wieland},
    address         = {Shanghai, China},
    booktitle       = {{Proceedings of the 26th IEEE International Parallel \& Distributed Processing Symposium (IPDPS)}},
    title           = {{Generating Device-specific GPU Code for Local Operators in Medical Imaging}},
    pages           = {569--581},
    year            = 2012,
    month           = may,
    date            = {2012-05-21/2012-05-25},
    doi             = {10.1109/IPDPS.2012.59},
    @organization    = {IEEE},
}

@inproceedings{membarth2011ggc,
    author          = {Membarth, Richard and Lokhmotov, Anton and Teich, J{\"u}rgen},
    address         = {Bordeaux, France},
    booktitle       = {{Proceedings of the 5th Workshop on Highly Parallel Processing on a Chip (HPPC)}},
    title           = {{Generating GPU Code from a High-level Representation for Image Processing Kernels}},
    pages           = {270--280},
    @series          = {Lecture Notes on Computer Science (LNCS)},
    @volume          = {7155},
    year            = 2011,
    month           = aug,
    date            = {2011-08-30},
    doi             = {10.1007/978-3-642-29737-3_31},
    @organization    = {Springer}
}

